<?xml version="1.0" encoding="UTF-8"?><collection xmlns="http://www.loc.gov/MARC21/slim"><record><leader>00371nam--2200121-i-4500</leader><controlfield tag="001">000010253</controlfield><controlfield tag="002">20161230</controlfield><controlfield tag="005">20161230201028</controlfield><controlfield tag="008">060222s1000------------r-----000-0-eng-d</controlfield><datafield ind1=" " ind2=" " tag="100"><subfield code="a">Bourbaki, N</subfield></datafield><datafield ind1=" " ind2=" " tag="245"><subfield code="a">Elements de mathematique. fasc. xxxv livre vi: integration. chap. ix: integration sur les espaces topologi ques separes</subfield></datafield><datafield ind1=" " ind2=" " tag="260"><subfield code="a">Paris, Herman, 1969</subfield></datafield><datafield ind1=" " ind2=" " tag="852"><subfield code="a">37236</subfield></datafield></record></collection>